@book{cheng2014professional,
  title={Professional CUDA C Programming},
  author={Cheng, J. and Grossman, M. and McKercher, T.},
  isbn={9781118739310},
  series={Wrox : Programmer to Programmer},
  url={https://books.google.co.in/books?id=Jgx\_BAAAQBAJ},
  year={2014},
  publisher={Wiley}
}
@article{pfister2001introduction,
  title={An introduction to the infiniband architecture},
  author={Pfister, Gregory F}
}
